@PROCEEDINGS{lexi,
TITLE = {{Reallexikon der Akustik}},
YEAR = {1982},
EDITOR = {Riel{\"a}nder, Michael M.},
PUBLISHER = {Verlag Erwin Bochinsky Frankfurt a. M.},
ID = {15}
}

@BOOK{handb_techak,
TITLE = {{Handbuch der Technischen Akustik}},
YEAR = {1994},
EDITOR = {Heckl, Manfred and M{\"u}ller, Helmut A.},
PUBLISHER = {Springer-Verlag Berlin},
EDITION = {2},
ID = {6}
}

@BOOK{ahnert,
TITLE = {{Beschallungstechnik}},
AUTHOR = {Ahnert, Wolfgang and Steffen, Frank},
YEAR = {1993},
PUBLISHER = {S. Hirzel Verlag Stuttgart},
ID = {12}
}

@BOOK{blauert,
TITLE = {{Spatial Hearing}},
AUTHOR = {Blauert, Jens},
YEAR = {1997},
PUBLISHER = {MIT Press Cambridge, Massachusetts},
EDITION = {3},
ID = {13}
}

@BOOK{vorl_techak,
TITLE = {{Vorlesungen {\"u}ber Technische Akustik}},
AUTHOR = {Cremer, Lothar and Hubert, Matthias},
YEAR = {1990},
PUBLISHER = {Springer-Verlag Berlin},
EDITION = {4},
ID = {3}
}

@BOOK{raumakustik,
TITLE = {{Die wissenschaftlichen Grundlagen der Raumakustik}},
AUTHOR = {Cremer, Lothar and M{\"u}ller, Helmut A.},
YEAR = {1978},
PUBLISHER = {S. Hirzel Verlag Stuttgart},
EDITION = {2},
ID = {5}
}

@BOOK{dickr,
TITLE = {{Handbuch der Tonstudiotechnik}},
AUTHOR = {Dickreiter, Michael},
YEAR = {1987},
PUBLISHER = {K.G.Saur M{\"u}nchen},
EDITION = {5},
ID = {10}
}

@BOOK{eargle,
TITLE = {{Handbook of Recording Engineering}},
AUTHOR = {Eargle, John M.},
YEAR = {1996},
PUBLISHER = {Chapman {\&} Hall},
EDITION = {3},
ID = {2}
}

@BOOK{meyer,
TITLE = {{Akustik und musikalische Auff{\"u}hrungspraxis}},
AUTHOR = {Meyer, J{\"u}rgen},
YEAR = {1995},
PUBLISHER = {Verlag Erwin Bochinsky Frankfurt a. M.},
EDITION = {3},
ID = {16}
}

@BOOK{nollsnt,
TITLE = {{Unterlagen zu der Vorlesung Statistische Nachrichtentheorie}},
AUTHOR = {Noll, Peter},
YEAR = {1997},
PUBLISHER = {TU Berlin},
ID = {8}
}

@BOOK{moeser,
TITLE = {{Unterlagen zu der Vorlesung Technische Akustik}},
AUTHOR = {M{\"o}ser, Michael},
YEAR = {1991},
PUBLISHER = {TU Berlin},
ID = {9}
}

@BOOK{nollnue,
TITLE = {{Unterlagen zu den Vorlesungen Nachrichten{\"u}bertragung 1 {\&} 2}},
AUTHOR = {Noll, Peter},
YEAR = {1996},
PUBLISHER = {TU Berlin},
ID = {7}
}

@BOOK{sengpiel,
TITLE = {{Unterlagen zur Vorlesung Musik{\"u}bertragung}},
AUTHOR = {Sengpiel, Eberhard},
YEAR = {1998},
PUBLISHER = {HdK Berlin},
ID = {11}
}

@BOOK{webers,
TITLE = {{Handbuch der Tonstudiotechnik}},
AUTHOR = {Webers, Johannes},
YEAR = {1994},
PUBLISHER = {Franzis-Verlag GmbH},
EDITION = {6},
ID = {4}
}

@BOOK{zwicker,
TITLE = {{Psychoacoustics. Facts and Models}},
AUTHOR = {Zwicker, Eberhard and Fastl, Hugo},
YEAR = {1999},
PUBLISHER = {Springer Verlag Berlin},
EDITION = {2},
ID = {17}
}

@BOOKLET{wuttke,
TITLE = {{Mikrofonaufs{\"a}tze}},
AUTHOR = {Wuttke, J{\"o}rg},
YEAR = {1998},
ID = {14}
}

@ARTICLE{verschuure,
  author =       "Verschuure, J. and van Meeteren, A. A.",
  title =        "The Effect of Intensity on Pitch",
  journal =      "Acustica",
  year =         "1975",
  volume =       "32",
  number =       "",
  pages =        "",
  month =        "",
  note =         "",
  abstract =     "",
  keywords =     "",
  source =       "",
  file = F
}

@BOOK{pohlmann,
TITLE = {{Principles of Digital Audio}},
AUTHOR = {Pohlmann, Ken C.},
YEAR = {2000},
PUBLISHER = {McGraw-Hill},
EDITION = {4},
ID = {17}
}

@BOOK{zoelzer,
TITLE = {{DAFX - Digital Audio Effects}},
EDITOR = {Z{\"o}lzer, Udo},
YEAR = {2002},
PUBLISHER = {Wiley},
EDITION = {},
ID = {18}
}

@BOOK{moore,
TITLE = {{An Introduction to the Psychology of Hearing}},
AUTHOR = {Moore, Brian C.J.},
YEAR = {1997},
PUBLISHER = {Academic Press},
EDITION = {4},
ID = {19}
}

@BOOK{watkinson,
TITLE = {{An Introduction to Digital Audio}},
AUTHOR = {Watkinson, John},
YEAR = {1994},
PUBLISHER = {Butterworth-Heinemann},
EDITION = {},
ID = {20}
}

@PROCEEDINGS{bs.1116,
TITLE = {{Methods for the subjective Assessment of small Impairments in Audio Systems including Multichannel Sound Systems}},
EDITOR = {ITU-R},
YEAR = {1994},
SERIES = {BS.1116},
ID = {21}
}

@INCOLLECTION{stevens,
TITLE = {{The Measurement of Loudness}},
AUTHOR = {Stevens, S. S.},
JOURNAL = {Journal of the Acoustical Society of America},
YEAR = {1955},
BOOKTITLE = {Journal of the Acoustical Society of America},
VOLUME = {27},
ID = {22}
}


@INCOLLECTION{sank,
TITLE = {{Microphones}},
AUTHOR = {Sank, Jon R.},
JOURNAL = {Journal of the Audio Engineering Society},
YEAR = {1985},
BOOKTITLE = {Journal of the Audio Engineering Society},
VOLUME = {33},
NUMBER = {7/8},
ID = {22}
}

@PROCEEDINGS{din1320,
TITLE = {{Akustik Grundbegriffe}},
EDITOR = {DIN},
YEAR = {1997},
SERIES = {DIN 1320},
ID = {23}
}

@BOOK{goerne,
TITLE = {{Mikrophone in Theorie und Praxis}},
AUTHOR = {Görne, Tom},
YEAR = {1994},
PUBLISHER = {Elektor},
EDITION = {},
ID = {24}
}

@BOOKLET{bore,
TITLE = {{Mikrophone}},
AUTHOR = {Boré, Gerhardt and Peus, Stefan},
YEAR = {1999},
PUBLISHER = {https://www.neumann.com/infopool/download.php?Datei=docu0003.PDF},
ID = {25}
}

